<?xml version="1.0" encoding="UTF-8"?><collection xmlns="http://www.loc.gov/MARC21/slim"><record><leader>00492nam--2200181-i-4500</leader><controlfield tag="001">000001197</controlfield><controlfield tag="002">20161230</controlfield><controlfield tag="005">20161230201024</controlfield><controlfield tag="008">060222s1000------------r-----000-0-fre-d</controlfield><datafield ind1=" " ind2=" " tag="040"><subfield code="a">IFIN-HH</subfield></datafield><datafield ind1=" " ind2=" " tag="041"><subfield code="a">fre</subfield></datafield><datafield ind1=" " ind2=" " tag="080"><subfield code="a">53.081(083)</subfield></datafield><datafield ind1="1" ind2=" " tag="100"><subfield code="a">Herfurth, Gunter</subfield></datafield><datafield ind1="1" ind2="0" tag="245"><subfield code="a">Principes techniques.unites de mesure dans des tables et des echelles</subfield><subfield code="c">Gunter herfurth</subfield></datafield><datafield ind1=" " ind2=" " tag="260"><subfield code="a">Leipzig</subfield><subfield code="b">Edition Leipzig</subfield><subfield code="c">1966</subfield></datafield><datafield ind1=" " ind2=" " tag="300"><subfield code="a">87 P</subfield></datafield><datafield ind1=" " ind2=" " tag="852"><subfield code="a">24771</subfield><subfield code="c">53.08</subfield></datafield><datafield ind1=" " ind2=" " tag="CAT"><subfield code="a">Sys</subfield><subfield code="c">20151028</subfield><subfield code="h">104334</subfield></datafield></record></collection>